<record><leader>00000cas a2200000 a 4500</leader><controlfield tag="001">12084921</controlfield><controlfield tag="008">850528d186u1892miuwr ne      0    0eng c</controlfield><datafield ind1=" " ind2=" " tag="010"><subfield code="a">sn 85033595 </subfield></datafield><datafield ind1=" " ind2=" " tag="040"><subfield code="a">NPU</subfield><subfield code="b">eng</subfield><subfield code="c">NPU</subfield><subfield code="d">NPX</subfield><subfield code="d">KNP</subfield><subfield code="d">RHN</subfield><subfield code="d">MHN</subfield><subfield code="d">OCL</subfield><subfield code="d">OCLCQ</subfield><subfield code="d">OCLCF</subfield><subfield code="d">OCLCO</subfield></datafield><datafield ind1="1" ind2=" " tag="029"><subfield code="a">AU@</subfield><subfield code="b">000004333238</subfield></datafield><datafield ind1=" " ind2=" " tag="042"><subfield code="a">pcc</subfield></datafield><datafield ind1=" " ind2=" " tag="043"><subfield code="a">n-us-mi</subfield></datafield><datafield ind1="0" ind2=" " tag="130"><subfield code="a">Charlotte Republican (Charlotte, Mich. : 1867)</subfield></datafield><datafield ind1="1" ind2="4" tag="245"><subfield code="a">The Charlotte Republican.</subfield></datafield><datafield ind1="1" ind2="3" tag="246"><subfield code="a">Republican</subfield></datafield><datafield ind1=" " ind2=" " tag="260"><subfield code="a">Charlotte, Eaton Co., Mich. :</subfield><subfield code="b">J. Saunders &amp; Co.</subfield></datafield><datafield ind1=" " ind2=" " tag="300"><subfield code="a">v. ;</subfield><subfield code="c">73 cm.</subfield></datafield><datafield ind1=" " ind2=" " tag="310"><subfield code="a">Weekly</subfield></datafield><datafield ind1="1" ind2=" " tag="362"><subfield code="a">Ceased in 1892?</subfield><subfield code="z">Cf. Gregory, W. Amer. newspapers.</subfield></datafield><datafield ind1=" " ind2=" " tag="500"><subfield code="a">Editor: J. Saunders, &lt;1873&gt;; D.B. Ainger &lt;1887&gt;.</subfield></datafield><datafield ind1=" " ind2=" " tag="500"><subfield code="a">Publishers: J. Saunders &amp; Co., &lt;1873&gt;; K. Kittredge, &lt;1876&gt;.</subfield></datafield><datafield ind1=" " ind2=" " tag="500"><subfield code="a">Republican, &lt;1876&gt;.</subfield></datafield><datafield ind1=" " ind2=" " tag="588"><subfield code="a">Description based on: Vol. 3, no. 1 (Jan. 3, 1867).</subfield></datafield><datafield ind1=" " ind2="0" tag="651"><subfield code="a">Charlotte (Mich.)</subfield><subfield code="v">Newspapers.</subfield></datafield><datafield ind1=" " ind2="0" tag="651"><subfield code="a">Eaton County (Mich.)</subfield><subfield code="v">Newspapers.</subfield></datafield><datafield ind1=" " ind2="7" tag="655"><subfield code="a">Newspapers.</subfield><subfield code="2">fast</subfield><subfield code="0">(OCoLC)fst01423814</subfield></datafield><datafield ind1=" " ind2="7" tag="651"><subfield code="a">Michigan</subfield><subfield code="z">Charlotte.</subfield><subfield code="2">fast</subfield><subfield code="0">(OCoLC)fst01209730</subfield></datafield><datafield ind1=" " ind2="7" tag="651"><subfield code="a">Michigan</subfield><subfield code="z">Eaton County.</subfield><subfield code="2">fast</subfield><subfield code="0">(OCoLC)fst01214755</subfield></datafield><datafield ind1=" " ind2=" " tag="752"><subfield code="a">United States</subfield><subfield code="b">Michigan</subfield><subfield code="c">Eaton</subfield><subfield code="d">Charlotte.</subfield></datafield><datafield ind1="0" ind2="0" tag="780"><subfield code="t">Republican (Charlotte, Mich.)</subfield><subfield code="w">(DLC)sn 92064205</subfield><subfield code="w">(OCoLC)26611391</subfield></datafield><datafield ind1="0" ind2="0" tag="785"><subfield code="t">Eaton County Republican (Charlotte, Mich. : 1892)</subfield></datafield></record>